%
%
%  An example of a bibliographical database for bibTeX
%
%  Recommended software for maintenance of *.bib files:
%    JabRef, http://jabref.sourceforge.net/
%
%  BEWARE:
%
%    *  If a name contains a capital letter, which must be kept such,
%       use curly brackets ({T}hailand, {HIV}).
%
%  ===========================================================================

@inproceedings{Jacobson:1988:CAC:52324.52356,
 author = {Jacobson, V.},
 title = {Congestion Avoidance and Control},
 booktitle = {Symposium Proceedings on Communications Architectures and Protocols},
 series = {SIGCOMM '88},
 year = {1988},
 isbn = {0-89791-279-9},
 location = {Stanford, California, USA},
 pages = {314--329},
 numpages = {16},
 url = {http://doi.acm.org/10.1145/52324.52356},
 doi = {10.1145/52324.52356},
 acmid = {52356},
 publisher = {ACM},
 address = {New York, NY, USA},
}

@article{Gettys:2012:BDB:2063176.2063196,
 author = {Gettys, Jim and Nichols, Kathleen},
 title = {Bufferbloat: Dark Buffers in the Internet},
 journal = {Commun. ACM},
 issue_date = {January 2012},
 volume = {55},
 number = {1},
 month = jan,
 year = {2012},
 issn = {0001-0782},
 pages = {57--65},
 numpages = {9},
 url = {http://doi.acm.org/10.1145/2063176.2063196},
 doi = {10.1145/2063176.2063196},
 acmid = {2063196},
 publisher = {ACM},
 address = {New York, NY, USA},
}

@article{CoDel,
 author = {Nichols, Kathleen and Jacobson, Van},
 title = {Controlling Queue Delay},
 journal = {Queue},
 issue_date = {May 2012},
 volume = {10},
 number = {5},
 month = may,
 year = {2012},
 issn = {1542-7730},
 pages = {20:20--20:34},
 articleno = {20},
 numpages = {15},
 url = {http://doi.acm.org/10.1145/2208917.2209336},
 doi = {10.1145/2208917.2209336},
 acmid = {2209336},
 publisher = {ACM},
 address = {New York, NY, USA},
}

@article{Floyd:1993:RED:169931.169935,
 author = {Floyd, Sally and Jacobson, Van},
 title = {Random Early Detection Gateways for Congestion Avoidance},
 journal = {IEEE/ACM Trans. Netw.},
 issue_date = {Aug. 1993},
 volume = {1},
 number = {4},
 month = aug,
 year = {1993},
 issn = {1063-6692},
 pages = {397--413},
 numpages = {17},
 url = {http://dx.doi.org/10.1109/90.251892},
 doi = {10.1109/90.251892},
 acmid = {169935},
 publisher = {IEEE Press},
 address = {Piscataway, NJ, USA},
}

@misc{rfc3168:ECN,
  author="K. Ramakrishnan and S. Floyd and D. Black",
  title="{The Addition of Explicit Congestion Notification (ECN) to IP}",
  howpublished="RFC 3168 (Proposed Standard)",
  series="Internet Request for Comments",
  type="RFC",
  number="3168",
  pages="1--63",
  year=2001,
  month=sep,
  issn="2070-1721",
  publisher="RFC Editor",
  institution="RFC Editor",
  organization="RFC Editor",
  address="Fremont, CA, USA",
    note="Updated by RFCs 4301, 6040, 8311",
url="https://www.rfc-editor.org/rfc/rfc3168.txt",
  key="RFC 3168",
  abstract={This memo specifies the incorporation of ECN (Explicit Congestion Notification) to TCP and IP, including ECN's use of two bits in the IP header. [STANDARDS-TRACK]},
  keywords="internet, protocol, header",
  doi="10.17487/RFC3168",
  }
  
@INPROCEEDINGS{ECN:proceedings, 
author={D. Murray and T. Koziniec and S. Zander and M. Dixon and P. Koutsakis}, 
booktitle={2017 23rd Asia-Pacific Conference on Communications (APCC)}, 
title={An analysis of changing enterprise network traffic characteristics}, 
year={2017}, 
volume={}, 
number={}, 
pages={1-6}, 
keywords={Internet;computer network management;operating systems (computers);transport protocols;ECN usage;Google QUIC protocol;Internet protocols;Internet traffic;MSS;SACK;enterprise network traffic characteristics;explicit congestion notification;maximum segment size;mobile operating systems;passive data collection;protocol adoption trends;protocol usage;selective acknowledgements;university network;Current measurement;Google;Internet;Protocols;Servers;Velocity measurement;Virtual private networks;Explicit Congestion Notification (ECN);HTTPS;Internet measurement;Internet statistics;MSS;Multipath TCP;QUIC;SACK;TCP;TCP Fast Open;TSOPT;UDP;WSOPT}, 
doi={10.23919/APCC.2017.8303960}, 
ISSN={}, 
month={Dec},}

@misc{rfc2309,
  author="B. Braden and D. Clark and J. Crowcroft and B. Davie and S. Deering and D. Estrin and S. Floyd and V. Jacobson and G. Minshall and C. Partridge and L. Peterson and K. Ramakrishnan and S. Shenker and J. Wroclawski and L. Zhang",
  title="{Recommendations on Queue Management and Congestion Avoidance in the Internet}",
  howpublished="RFC 2309 (Informational)",
  series="Internet Request for Comments",
  type="RFC",
  number="2309",
  pages="1--17",
  year=1998,
  month=apr,
  issn="2070-1721",
  publisher="RFC Editor",
  institution="RFC Editor",
  organization="RFC Editor",
  address="Fremont, CA, USA",
    note="Obsoleted by RFC 7567, updated by RFC 7141",
url="https://www.rfc-editor.org/rfc/rfc2309.txt",
  key="RFC 2309",
  abstract={This memo presents two recommendations to the Internet community concerning measures to improve and preserve Internet performance.  It presents a strong recommendation for testing, standardization, and widespread deployment of active queue management in routers, to improve the performance of today's Internet.  It also urges a concerted effort of research, measurement, and ultimate deployment of router mechanisms to protect the Internet from flows that are not sufficiently responsive to congestion notification.  This memo provides information for the Internet community.  It does not specify an Internet standard of any kind.},
  keywords="performance, router, deployment",
  doi="10.17487/RFC2309",
  }
  
 @TECHREPORT{Floyd01adaptivered:,
    author = {Sally Floyd and Ramakrishna Gummadi and Scott Shenker},
    title = {Adaptive RED: An Algorithm for Increasing the Robustness of RED's Active Queue Management},
    institution = {},
    year = {2001}
}

@ARTICLE{RRED, 
author={C. Zhang and J. Yin and Z. Cai and W. Chen}, 
journal={IEEE Communications Letters}, 
title={RRED: robust RED algorithm to counter low-rate denial-of-service attacks}, 
year={2010}, 
volume={14}, 
number={5}, 
pages={489-491}, 
keywords={queueing theory;routing protocols;transport protocols;RRED;TCP throughput;attack packets;low-rate denial-of-service attacks;random early detection algorithm;robust RED algorithm;Algorithm design and analysis;Broadcasting;Computer crime;Computer science;Counting circuits;Filters;Floods;Robustness;Throughput;Web and internet services;AQM, low-rate DoS attack, RED, robust}, 
doi={10.1109/LCOMM.2010.05.091407}, 
ISSN={1089-7798}, 
month={May}}

@book{Tanenbaum:2002:CN:572404,
 author = {Tanenbaum, Andrew},
 title = {Computer Networks},
 year = {2002},
 isbn = {0130661023},
 edition = {4th},
 publisher = {Prentice Hall Professional Technical Reference},
} 

@article{HFSC,
 author = {Stoica, Ion and Zhang, Hui and Ng, T. S. Eugene},
 title = {A Hierarchical Fair Service Curve Algorithm for Link-sharing, Real-time and Priority Services},
 journal = {SIGCOMM Comput. Commun. Rev.},
 issue_date = {Oct. 1997},
 volume = {27},
 number = {4},
 month = oct,
 year = {1997},
 issn = {0146-4833},
 pages = {249--262},
 numpages = {14},
 url = {http://doi.acm.org/10.1145/263109.263175},
 doi = {10.1145/263109.263175},
 acmid = {263175},
 publisher = {ACM},
 address = {New York, NY, USA},
}

@inproceedings{SFQ,
  title={Stochastic fairness queueing},
  author={McKenney, Paul E},
  booktitle={INFOCOM'90, Ninth Annual Joint Conference of the IEEE Computer and Communication Societies. The Multiple Facets of Integration. Proceedings, IEEE},
  pages={733--740},
  year={1990},
  organization={IEEE}
}

@article{EffDRR,
  title={Efficient fair queuing using deficit round-robin},
  author={Shreedhar, Madhavapeddi and Varghese, George},
  journal={IEEE/ACM Transactions on networking},
  volume={4},
  number={3},
  pages={375--385},
  year={1996},
  publisher={IEEE}
}

@online{RED:picture,
 author  = "Wikimedia Commons",
 title   = "Random Early Detection algorithm en",
 year    = "2006",
 urlseen = "05-05-18",
 url     = {https://commons.wikimedia.org/wiki/File:Random_Early_Detection_algorithm_en.svg},
 note    = "File:Random Early Detection algorithm en.svg"
}


@online{TBF:picture,
 title   = "Token Bucket Filter",
 url     = {http://wiki.linuxwall.info/doku.php/en:ressources:dossiers:networking:traffic_control#tbf_-_token_bucket_filter},
 note    = "\url{http://wiki.linuxwall.info/doku.php/en:ressources:dossiers:networking:traffic_control#tbf_-_token_bucket_filter}"
}

@article{Nagle:FQ, 
author={J. Nagle}, 
journal={IEEE Transactions on Communications}, 
title={On Packet Switches with Infinite Storage}, 
year={1987}, 
volume={35}, 
number={4}, 
pages={435-438}, 
keywords={Packet switching;Availability;Circuits;Communication switching;Control systems;Memory;Packet switching;Protocols;Routing;Switches;Traffic control}, 
doi={10.1109/TCOM.1987.1096782}, 
ISSN={0090-6778}, 
month={Apr}
}

@article{Zhang:1990:VCN:99517.99525,
 author = {Zhang, L.},
 title = {Virtual Clock: A New Traffic Control Algorithm for Packet Switching Networks},
 journal = {SIGCOMM Comput. Commun. Rev.},
 issue_date = {Sep. 1990},
 volume = {20},
 number = {4},
 month = aug,
 year = {1990},
 issn = {0146-4833},
 pages = {19--29},
 numpages = {11},
 url = {http://doi.acm.org/10.1145/99517.99525},
 doi = {10.1145/99517.99525},
 acmid = {99525},
 publisher = {ACM},
 address = {New York, NY, USA},
} 

@inproceedings{demers1989analysis,
  title={Analysis and simulation of a fair queueing algorithm},
  author={Demers, Alan and Keshav, Srinivasan and Shenker, Scott},
  booktitle={ACM SIGCOMM Computer Communication Review},
  volume={19},
  number={4},
  pages={1--12},
  year={1989},
  organization={ACM}
}

@misc{fq_codel,
  author="T. Hoeiland-Joergensen and P. McKenney and D. Taht and J. Gettys and E. Dumazet",
  title="{The Flow Queue CoDel Packet Scheduler and Active Queue Management Algorithm}",
  howpublished="RFC 8290 (Experimental)",
  series="Internet Request for Comments",
  type="RFC",
  number="8290",
  pages="1--25",
  year=2018,
  month=jan,
  issn="2070-1721",
  publisher="RFC Editor",
  institution="RFC Editor",
  organization="RFC Editor",
  address="Fremont, CA, USA",
  url="https://www.rfc-editor.org/rfc/rfc8290.txt",
  key="RFC 8290",
  abstract={This memo presents the FQ-CoDel hybrid packet scheduler and Active Queue Management (AQM) algorithm, a powerful tool for fighting bufferbloat and reducing latency. FQ-CoDel mixes packets from multiple flows and reduces the impact of head-of-line blocking from bursty traffic. It provides isolation for low-rate traffic such as DNS, web, and videoconferencing traffic. It improves utilisation across the networking fabric, especially for bidirectional traffic, by keeping queue lengths short, and it can be implemented in a memory- and CPU-efficient fashion across a wide range of hardware.},
  keywords="bufferbloat, aqm, fq\_codel, fq-codel",
  doi="10.17487/RFC8290",
  }
  
@article{turner1986new,
  title={New directions in communications(or which way to the information age?)},
  author={Turner, Jonathan},
  journal={IEEE communications Magazine},
  volume={24},
  number={10},
  pages={8--15},
  year={1986}
}

@article{CUBIC,
 author = {Ha, Sangtae and Rhee, Injong and Xu, Lisong},
 title = {CUBIC: A New TCP-friendly High-speed TCP Variant},
 journal = {SIGOPS Oper. Syst. Rev.},
 issue_date = {July 2008},
 volume = {42},
 number = {5},
 month = jul,
 year = {2008},
 issn = {0163-5980},
 pages = {64--74},
 numpages = {11},
 url = {http://doi.acm.org/10.1145/1400097.1400105},
 doi = {10.1145/1400097.1400105},
 acmid = {1400105},
 publisher = {ACM},
 address = {New York, NY, USA},
}


@misc{rfc1889,
	series =	{Request for Comments},
	number =	1889,
	howpublished =	{RFC 1889},
	publisher =	{RFC Editor},
	doi =		{10.17487/RFC1889},
	url =		{https://rfc-editor.org/rfc/rfc1889.txt},
        author =	{Ron Frederick and Stephen L. Casner and Van Jacobson and Henning Schulzrinne},
	title =		{{RTP: A Transport Protocol for Real-Time Applications}},
	pagetotal =	75,
	year =		1996,
	month =		jan,
	abstract =	{This memorandum describes RTP, the real-time transport protocol. RTP provides end-to-end network transport functions suitable for applications transmitting real-time data, such as audio, video or simulation data, over multicast or unicast network services. {[}STANDARDS-TRACK{]}},
}

@online{linuxCore,
 title   = "Journey to the Center of the Linux Kernel: Traffic Control, Shaping and QoS",
 url     = {http://wiki.linuxwall.info/doku.php/en:ressources:dossiers:networking:traffic_control},
 note    = "\url{http://wiki.linuxwall.info/doku.php/en:ressources:dossiers:networking:traffic_control}"
}

@manual{tc,
 title      = "tc(8) Linux User's Manual",
 author     = "bert hubert",
 year       = "2018",
 month      = "July",
 note      = "\url{https://linux.die.net/man/8/tc}",
}

@online{ns3,
 title   = "ns-3",
 url     = {https://www.nsnam.org/},
 note    = "\url{https://www.nsnam.org/}"
}

@online{ns3Doc,
 title   = "ns-3.28 Documentation",
 url     = {https://www.nsnam.org/docs/release/3.28/models/ns-3-model-library.pdf},
 note    = "\url{https://www.nsnam.org/docs/release/3.28/models/ns-3-model-library.pdf}"
}

@article{flowMonitor,
author = {Carneiro, Gustavo and Fortuna, Pedro and Ricardo, Manuel},
year = {2009},
month = {01},
pages = {},
title = {FlowMonitor - a network monitoring framework for the Network Simulator 3 (NS-3)}
}


@misc{rfc793,
  added-at = {2011-04-10T17:50:08.000+0200},
  author = {Postel, J.},
  biburl = {https://www.bibsonomy.org/bibtex/2e0708630e30923a7d3b9ac7d07407190/lysander07},
  howpublished = {RFC 793 (Standard)},
  interhash = {156e951dd785858901981fdc872d7114},
  intrahash = {e0708630e30923a7d3b9ac7d07407190},
  keywords = {tcp wwkap8 www02 wwwbook},
  month = sep,
  note = {Updated by RFCs 1122, 3168},
  number = 793,
  organization = {Internet Engineering Task Force},
  publisher = {IETF},
  series = {Request for Comments},
  timestamp = {2011-04-10T17:50:08.000+0200},
  title = {{Transmission Control Protocol}},
  url = {http://www.ietf.org/rfc/rfc793.txt},
  year = 1981
}

@manual{hfscMan,
 title      = "tc-hfsc(7) Linux User's Manual",
 author     = "Michal Soltys",
 year       = "2018",
 month      = "July",
}

@inproceedings{pan2000choke,
  title={CHOKe-a stateless active queue management scheme for approximating fair bandwidth allocation},
  author={Pan, Rong and Prabhakar, Balaji and Psounis, Konstantinos},
  booktitle={INFOCOM 2000. Nineteenth Annual Joint Conference of the IEEE Computer and Communications Societies. Proceedings. IEEE},
  volume={2},
  pages={942--951},
  year={2000},
  organization={IEEE}
}

@article{CBQ,
  title={Link-sharing and resource management models for packet networks},
  author={Floyd, Sally and Jacobson, Van},
  journal={IEEE/ACM transactions on Networking},
  volume={3},
  number={4},
  pages={365--386},
  year={1995},
  publisher={IEEE}
}

@online{HTB,
  author = {Martin Devera},
  title = {Hierachical token bucket theory},
  year = 2002,
  url = {http://luxik.cdi.cz/~devik/qos/htb/manual/theory.htm},
  urldate = {15.7.2018}
}

